@misc{Chapter356:online,
author = {},
title = {Chapter 3: nested},
howpublished = {\url{http://ppc.cs.aalto.fi/ch3/nested/}},
month = {},
year = {},
note = {(Accessed on 11/03/2019)}
},
@misc{8350u,
author = {},
title = {Intel Core i5-8350U Processor (6M Cache, up to 3.60 GHz) Product Specifications},
howpublished = {\url{https://ark.intel.com/content/www/us/en/ark/products/124969/intel-core-i5-8350u-processor-6m-cache-up-to-3-60-ghz.html}},
month = {},
year = {},
note = {(Accessed on 15/03/2019)}
},
@misc{false,
author = {},
title = {Mechanical Sympathy: False Sharing},
howpublished = {\url{https://mechanical-sympathy.blogspot.com/2011/07/false-sharing.html}},
month = {},
year = {},
note = {(Accessed on 15/03/2019)}
},
@misc{omp,
author = {},
title = {Home - OpenMP},
howpublished = {\url{https://www.openmp.org/}},
month = {},
year = {},
note = {(Accessed on 15/03/2019)}
},
@misc{pthreads,
author = {},
title = {Linux Tutorial: POSIX Threads},
howpublished = {\url{https://www.cs.cmu.edu/afs/cs/academic/class/15492-f07/www/pthreads.html}},
month = {},
year = {},
note = {(Accessed on 15/03/2019)}
},
@misc{cmiss,
author = {},
title = {Cache Misses},
howpublished = {\url{https://docs.roguewave.com/threadspotter/2011.2/manual_html_linux/manual_html/miss_ratio.html}},
month = {},
year = {},
note = {(Accessed on 15/03/2019)}
},
@inproceedings{c1,
author = {Chatterjee, S and Sen, Sandeep},
year = {2000},
month = {02},
pages = {195-205},
title = {Cache-efficient matrix transposition},
isbn = {0-7695-0550-3},
journal = {IEEE High-Performance Computer Architecture Symposium Proceedings},
doi = {10.1109/HPCA.2000.824350}
},
@inproceedings{c2,
author = {Tsifakis, Dimitrios and Rendell, Alistair and Strazdins, Peter},
year = {2004},
month = {05},
pages = {17-25},
title = {Cache Oblivious Matrix Transposition: Simulation and Experiment},
volume = {3037},
doi = {10.1007/978-3-540-24687-9_3}
}